
    
    <!-- 100 + 240 -->
    <!-- coder added 336 337 338 for rda terms and IRIs -->
    <!-- aam -->
    <marc:record>
        <marc:leader>01875cim a2200409 a 4500</marc:leader>
        <marc:controlfield tag="001">13304007</marc:controlfield>
        <marc:controlfield tag="008">090504s2009    tnunnnng efz   f  n eng d</marc:controlfield>
        <marc:datafield tag="240" ind1="1" ind2="0">
            <marc:subfield code="a">Gattopardo.</marc:subfield>
            <marc:subfield code="l">English</marc:subfield>
        </marc:datafield>
        <marc:datafield tag="245" ind1="1" ind2="4">
            <marc:subfield code="a">The leopard</marc:subfield>
            <marc:subfield code="h">[sound recording] /</marc:subfield>
            <marc:subfield code="c">Giuseppe Tomasi di Lampedusa.</marc:subfield>
        </marc:datafield>
        <marc:datafield tag="260" ind1=" " ind2=" ">
            <marc:subfield code="a">[Franklin, Tenn.] :</marc:subfield>
            <marc:subfield code="b">Naxos AudioBooks ;</marc:subfield>
            <marc:subfield code="a">Bath [England] :</marc:subfield>
            <marc:subfield code="b">Oakhill Pub. [distributor],</marc:subfield>
            <marc:subfield code="c">p2009.</marc:subfield>
        </marc:datafield>
        <marc:datafield tag="336" ind1=" " ind2=" ">
            <marc:subfield code="a">spoken word</marc:subfield>
            <marc:subfield code="b">1013</marc:subfield>
            <marc:subfield code="1">http://rdaregistry.info/termList/RDAContentType/1013</marc:subfield>
        </marc:datafield>
        <marc:datafield tag="337" ind1=" " ind2=" ">
            <marc:subfield code="a">audio</marc:subfield>
            <marc:subfield code="b">1001</marc:subfield>
            <marc:subfield code="1">http://rdaregistry.info/termList/RDAMediaType/1001</marc:subfield>
        </marc:datafield>
        <marc:datafield tag="338" ind1=" " ind2=" ">
            <marc:subfield code="a">audio disc</marc:subfield>
            <marc:subfield code="b">1004</marc:subfield>
            <marc:subfield code="1">http://rdaregistry.info/termList/RDACarrierType/1004</marc:subfield>
        </marc:datafield>
        <marc:datafield tag="979" ind1=" " ind2=" ">
            <marc:subfield code="a">aam</marc:subfield>
        </marc:datafield>
    </marc:record>