
    
    <!-- 110 + 240 -->
    <!-- reproduction -->
    <marc:record>
        <marc:leader>04616cam a2200709 i 4500</marc:leader>
        <marc:controlfield tag="001">99161908325401452</marc:controlfield>
        <marc:controlfield tag="008">151103m20159999dcua    ob   f000 0 eng c</marc:controlfield>
        <marc:datafield tag="019" ind1=" " ind2=" ">
            <marc:subfield code="a">1414460465</marc:subfield>
            <marc:subfield code="a">1417078639</marc:subfield>
        </marc:datafield>
        <marc:datafield tag="035" ind1=" " ind2=" ">
            <marc:subfield code="a">(OCoLC)927413075</marc:subfield>
            <marc:subfield code="z">(OCoLC)1414460465</marc:subfield>
            <marc:subfield code="z">(OCoLC)1417078639</marc:subfield>
        </marc:datafield>
        <marc:datafield tag="035" ind1=" " ind2=" ">
            <marc:subfield code="a">(OCoLC)ocn927413075</marc:subfield>
        </marc:datafield>
        <marc:datafield tag="035" ind1=" " ind2=" ">
            <marc:subfield code="a">(EXLNZ-01ALLIANCE_NETWORK)99321327107301451</marc:subfield>
        </marc:datafield>
        <marc:datafield tag="035" ind1=" " ind2=" ">
            <marc:subfield code="a">(01ALLIANCE_UW)99161908325401452</marc:subfield>
        </marc:datafield>
        <marc:datafield tag="110" ind1="1" ind2=" ">
            <marc:subfield code="a">United States.</marc:subfield>
            <marc:subfield code="b">Congress.</marc:subfield>
            <marc:subfield code="b">House.</marc:subfield>
            <marc:subfield code="b">Committee on Financial Services.</marc:subfield>
            <marc:subfield code="b">Subcommittee on Housing and Insurance,</marc:subfield>
            <marc:subfield code="e">author.</marc:subfield>
        </marc:datafield>
        <marc:datafield tag="240" ind1="1" ind2="0">
            <marc:subfield code="a">Impact of international regulatory standards on the competitiveness of U.S. insurers (2015 April 29)</marc:subfield>
        </marc:datafield>
        <marc:datafield tag="245" ind1="1" ind2="4">
            <marc:subfield code="a">The impact of international regulatory standards on the competitiveness of U.S. insurers :</marc:subfield>
            <marc:subfield code="b">hearing before the Subcommittee on Housing and Insurance of the Committee on Financial Services, U.S. House of Representatives, One Hundred Fourteenth Congress.</marc:subfield>
        </marc:datafield>
        <marc:datafield tag="264" ind1=" " ind2="1">
            <marc:subfield code="a">Washington :</marc:subfield>
            <marc:subfield code="b">U.S. Government Publishing Office,</marc:subfield>
            <marc:subfield code="c">2015-</marc:subfield>
        </marc:datafield>
        <marc:datafield tag="336" ind1=" " ind2=" ">
            <marc:subfield code="a">text</marc:subfield>
            <marc:subfield code="b">txt</marc:subfield>
            <marc:subfield code="2">rdacontent</marc:subfield>
        </marc:datafield>
        <marc:datafield tag="337" ind1=" " ind2=" ">
            <marc:subfield code="a">computer</marc:subfield>
            <marc:subfield code="b">c</marc:subfield>
            <marc:subfield code="2">rdamedia</marc:subfield>
        </marc:datafield>
        <marc:datafield tag="338" ind1=" " ind2=" ">
            <marc:subfield code="a">online resource</marc:subfield>
            <marc:subfield code="b">cr</marc:subfield>
            <marc:subfield code="2">rdacarrier</marc:subfield>
        </marc:datafield>
        <marc:datafield tag="533" ind1=" " ind2=" ">
            <marc:subfield code="a">Electronic reproduction.</marc:subfield>
            <marc:subfield code="b">[Place of publication not identified]:</marc:subfield>
            <marc:subfield code="c">HathiTrust Digital Library.</marc:subfield>
            <marc:subfield code="d">2023.</marc:subfield>
            <marc:subfield code="5">MiAaHDL</marc:subfield>
        </marc:datafield>
        <marc:datafield tag="538" ind1=" " ind2=" ">
            <marc:subfield code="a">Master and use copy. Digital master created according to Benchmark for Faithful Digital Reproductions of Monographs and Serials, Version 1. Digital Library Federation, December 2002.</marc:subfield>
            <marc:subfield code="u">http://purl.oclc.org/DLF/benchrepro0212</marc:subfield>
            <marc:subfield code="5">MiAaHDL</marc:subfield>
        </marc:datafield>
    </marc:record>