
    
    <!-- 110 + 245 -->
    <marc:record>
        <marc:leader>02327cam a2200505 i 4500</marc:leader>
        <marc:controlfield tag="001">6101111</marc:controlfield>
        <marc:controlfield tag="005">20241212023333.7</marc:controlfield>
        <marc:controlfield tag="008">800318s1979    dcud     b    000 0 eng  </marc:controlfield>
        <marc:datafield tag="019" ind1=" " ind2=" ">
            <marc:subfield code="a">8835119</marc:subfield>
        </marc:datafield>
        <marc:datafield tag="110" ind1="2" ind2=" ">
            <marc:subfield code="a">National Research Council (U.S.).</marc:subfield>
            <marc:subfield code="b">Panel on Aquaculture.</marc:subfield>
        </marc:datafield>
        <marc:datafield tag="245" ind1="1" ind2="4">
            <marc:subfield code="a">The role of the U.S. Department of Agriculture in aquaculture :</marc:subfield>
            <marc:subfield code="b">a report /</marc:subfield>
            <marc:subfield code="c">prepared by the Panel on Aquaculture, Board on Agriculture and Renewable Resources, National Research Council.</marc:subfield>
        </marc:datafield>
        <marc:datafield tag="260" ind1=" " ind2=" ">
            <marc:subfield code="a">Washington, D. C. :</marc:subfield>
            <marc:subfield code="b">National Academy of Sciences,</marc:subfield>
            <marc:subfield code="c">1979.</marc:subfield>
        </marc:datafield>
        <marc:datafield tag="336" ind1=" " ind2=" ">
            <marc:subfield code="a">text</marc:subfield>
            <marc:subfield code="b">txt</marc:subfield>
            <marc:subfield code="2">rdacontent</marc:subfield>
        </marc:datafield>
        <marc:datafield tag="337" ind1=" " ind2=" ">
            <marc:subfield code="a">unmediated</marc:subfield>
            <marc:subfield code="b">n</marc:subfield>
            <marc:subfield code="2">rdamedia</marc:subfield>
        </marc:datafield>
        <marc:datafield tag="338" ind1=" " ind2=" ">
            <marc:subfield code="a">volume</marc:subfield>
            <marc:subfield code="b">nc</marc:subfield>
            <marc:subfield code="2">rdacarrier</marc:subfield>
        </marc:datafield>
    </marc:record>