
    
    <!-- 245 + no 1XX + 7xx -->
    <marc:record>
        <marc:leader>03260cai a2200565 a 4500</marc:leader>
        <marc:controlfield tag="001">39720541</marc:controlfield>
        <marc:controlfield tag="008">980819c19979999wauuu w o    s0    2eng d</marc:controlfield>
        <marc:datafield tag="245" ind1="0" ind2="0">
            <marc:subfield code="a">University of Washington Sea Grant.</marc:subfield>
        </marc:datafield>
        <marc:datafield tag="260" ind1=" " ind2=" ">
            <marc:subfield code="a">Seattle, Wash. :</marc:subfield>
            <marc:subfield code="b">Office of Marine Environmental and Resource Programs, Washington Sea Grant Program,</marc:subfield>
            <marc:subfield code="c">1997-</marc:subfield>
        </marc:datafield>
        <marc:datafield tag="336" ind1=" " ind2=" ">
            <marc:subfield code="a">text</marc:subfield>
            <marc:subfield code="b">txt</marc:subfield>
            <marc:subfield code="2">rdacontent</marc:subfield>
        </marc:datafield>
        <marc:datafield tag="337" ind1=" " ind2=" ">
            <marc:subfield code="a">computer</marc:subfield>
            <marc:subfield code="b">c</marc:subfield>
            <marc:subfield code="2">rdamedia</marc:subfield>
        </marc:datafield>
        <marc:datafield tag="338" ind1=" " ind2=" ">
            <marc:subfield code="a">online resource</marc:subfield>
            <marc:subfield code="b">cr</marc:subfield>
            <marc:subfield code="2">rdacarrier</marc:subfield>
        </marc:datafield>
        <marc:datafield tag="700" ind1="1" ind2=" ">
            <marc:subfield code="a">Cook, Susan.</marc:subfield>
        </marc:datafield>
        <marc:datafield tag="700" ind1="1" ind2=" ">
            <marc:subfield code="a">Gordon, David G.</marc:subfield>
            <marc:subfield code="q">(David George),</marc:subfield>
            <marc:subfield code="d">1950-</marc:subfield>
            <marc:subfield code="1">https://id.oclc.org/worldcat/entity/E39PCjymVbjHvFGg38TyFYH7gX</marc:subfield>
        </marc:datafield>
        <marc:datafield tag="710" ind1="2" ind2=" ">
            <marc:subfield code="a">Washington Sea Grant Program.</marc:subfield>
            <marc:subfield code="b">Office of Marine Environment and Resources Programs.</marc:subfield>
        </marc:datafield>
    </marc:record>